@article{shen2006cycloid,
  title={Cycloid: a constant-degree and lookup-efficient P2P overlay network},
  author={Shen, Haiying and Xu, Cheng-Zhong and Chen, Guihai},
  journal={Performance Evaluation},
  volume={63},
  number={3},
  pages={195--216},
  year={2006},
  publisher={Elsevier}
}

@Misc{macwiki,
howpublished = {\url{https://en.wikipedia.org/wiki/Message_authentication_code}},
title = {Message Authentication Code Wikipedia},
}
