@article{shen2006cycloid,
  title={Cycloid: a constant-degree and lookup-efficient P2P overlay network},
  author={Shen, Haiying and Xu, Cheng-Zhong and Chen, Guihai},
  journal={Performance Evaluation},
  volume={63},
  number={3},
  pages={195--216},
  year={2006},
  publisher={Elsevier}
}

@Misc{phongwiki,
howpublished = {\url{https://en.wikipedia.org/wiki/Blinn%E2%80%93Phong_reflection_model}},
title = {Blinn–Phong reflection model Wikipedia},
}

@Misc{blog,
howpublished = {\url{https://www.jianshu.com/p/2294cce3db2c}},
title = {Blog: Blinn–Phong},
}
